@incollection{chapters/Rosen,author={Bryan Rosen},title={On the structure and constituency of HocÄ…k resultatives},booktitle={Advances in the study of Siouan languages and linguistics},editor={Catherine Rudin  and  Bryan J. Gordon},publisher={Language Science Press.},Address={Berlin},year=2016,pages={3--28},doi={??},options={skipbib=true}}
