@book{Ahlers2006,
	address = {Journal of Linguistic Anthropology 16(1)},
	author = {Ahlers, Jocelyn C.},
	publisher = {5875},
	title = {Framing Discourse: Creating Community through Native Language Use},
	year = {2006}
}



@book{Aikhenvald2004,
	address = {Oxford},
	author = {Aikhenvald, Alexandra.},
	publisher = {Oxford University Press},
	title = {{Evidentiality}},
	year = {2004}
}



@book{Ariel1990,
	address = {London},
	author = {Ariel, Mira.},
	publisher = {Routledge/Croom Helm},
	title = {{Accessing noun phrase antecedents}},
	year = {1990}
}



@book{Baker1996,
	address = {Oxford},
	author = {Baker, Mark C.},
	publisher = {Oxford University Press},
	title = {The polysynthesis parameter},
	year = {1996}
}



@book{Baker2003,
	address = {Cambridge},
	author = {Baker, Mark C.},
	publisher = {Cambridge University Press},
	title = {Lexical categories: Verbs, nouns, and adjectives},
	year = {2003}
}
 



@book{Baron2001,
	address = {Amsterdam and Philadelphia},
	editor = {Baron, Iréne. et al.},
	publisher = {J. Benjamins},
	title = {: Dimensions of possession},
	year = {2001}
}



@misc{Beckman1986,
	author = {Beckman, Mary,  and  Janet B. Pierrehumbert},
	title = {Japanese prosodic phrasing and intonation synthesis. In {Proceedings of the Twenty-fourth Annual Meeting}, Association for Computational Linguistics, New York.},
	year = {1986}
}



@book{Ben-Avi1984,
	address = {New York},
	author = {Ben-Avi, Ittamar},
	publisher = {Herzl Press},
	title = {Ittamar Ben Avi, the ``Guinea Pig Infant'' of Modern Spoken Hebrew, Tells How He Uttered His First Word in Hebrew. 1885.. In Momentous Century: 	Personal and Eyewitness Accounts of the Rise of the Jewish Homeland and State, 1875-	1978. Levi Soshuk and Azriel Eisenberg, eds},
	year = {1984}
}





@book{Bianchi1999,
	address = {New York},
	author = {Bianchi, Valentina.},
	publisher = {Mouton de Gruyter},
	title = {Consequences of antisymmetry: headed relative clauses},
	year = {1999}
}



@book{Boas1941,
	address = {Washington},
	author = {Boas, Franz, and Ella Deloria.},
	publisher = {United States Government Printing Office},
	title = {Dakota grammar. Memoirs of the National Academy of Sciences vol. XXIII},
	year = {1941}
}




@book{Bogdanovich1973,
	address = {Hollywood, CA},
	author = {Bogdanovich, Peter},
	publisher = {Paramount Pictures},
	title = {Paper Moon},
	year = {1973}
}



@book{Bolinger1986,
	address = {{Intonation and its parts},
	author = {Bolinger, Dwight.},
	publisher = {Melody in spoken English}. Stanford U. Press},
	year = {1986}
}



@misc{Bonneau1992,
	author = {Bonneau, Jose},
	title = {The structure of internally headed relative clauses.  Ph.D. Diss., McGill University, Montreal.},
	year = {1992}
}



@book{Bowers1997,
	address = {Texas Linguistic Forum 38},
	author = {Bowers, John.},
	publisher = {43?58},
	title = {A binary analysis of resultatives},
	year = {1997}
}



@book{Boyle2007,
	address = {Universitiy of Chicago},
	author = {Boyle, John},
	publisher = {PhD Disseration},
	title = {Hidatsa Grammar},
	year = {2007}
}



@misc{Boyle2007,
	author = {Boyle, John},
	title = {{Hidatsa morphosyntax and clause structure}. U. Chicago dissertation.},
	year = {2007}
}



@misc{Boyle2009,
	author = {Boyle, John n.d. The Indefinite Prefix [*wa-] in the Siouan Languages. Paper given at the},
	title = {Siouan and Caddoan Languages Conference, University of Nebraska, Lincoln, NE.},
	year = {2009}
}




@book{Boyle2007,
	address = {Chicago},
	author = {Boyle, John P.},
	publisher = {University of Chicago (Doctoral dissertation)},
	title = {Hidatsa morpho-syntax and clause structure},
	year = {2007}
}



@article{Boyle2011,
	author = {Boyle, John P},
	journal = {International Journal of American Linguistics},
	number = {77.3},
	pages = {413-428},
	title = {Switch-reference in Hidatsa: The evolution of a grammatical system},
	year = {2011}
}



@book{Bresnan1976,
	address = {{Linguistic Inquiry} 7},
	author = {Bresnan, Joan.},
	publisher = {340},
	title = {On the form and functioning of transformations},
	year = {1976}
}





@book{Broadwell2006,
	address = {Lincoln},
	author = {Broadwell, George Aaron.},
	publisher = {University of Nebraska Press},
	title = {{A Choctaw reference grammar}},
	year = {2006}
}



@book{Brown1999,
	address = {20, New York and Oxford},
	author = {Brown, Cecil H.},
	publisher = {Oxford University Press},
	title = {Lexical Acculturation in Native American Languages.  Oxford Studies in Anthropological Linguistics vol},
	year = {1999}
}



@article{Brown2009,
	author = {Brown, Lea and Matthew S. Dryer},
	journal = {Language},
	number = {84.3},
	pages = {528-565},
	title = {The verbs for `and' in Walman, a Torricelli language of Papua New Guinea},
	year = {2009}
}



@book{Buechel1970,
	address = {Pine Ridge, SD},
	author = {Buechel, Eugene.},
	publisher = {Holy Rosary Mission},
	title = {A Dictionary of the Teton Lakota Sioux Language},
	year = {1970}
}



@misc{Buechel1939,
	author = {Buechel, Eugene S.J},
	title = {A Grammar of Lakota. The Language of the Teton Sioux Indians. Saint Francis Mission, Saint Francis P.O., South Dakota.},
	year = {1939}
}



@book{Buffalohead2004,
	address = {Plains Anthropologist 49(192)},
	author = {Buffalohead, Eric},
	publisher = {327343},
	title = {Dhegihan History: A Personal Journey},
	year = {2004}
}




@article{Carstens2002,
	author = {Carstens, Vicki},
	journal = {Language},
	number = {78.1},
	pages = {3-50},
	title = {Antisymmetry and word order in serial constructions},
	year = {2002}
}



@book{Carter1974,
	address = {Winnipeg},
	author = {Carter, Richard T.},
	publisher = {Department of Anthropology, University of Manitoba},
	title = {Teton Dakota Phonology. University of Manitoba Anthropology Papers, 10},
	year = {1974}
}



@book{Carter1991,
	address = {Finlay},
	author = {Carter, R. T., Jr.},
	publisher = {Algonquian and Iroquoian Linguistics  8, pp. 2743. University of Manitoba},
	title = {Old Man Coyote and the Wild Potato: A Trickster tale.  Linguistic studies presented to John L},
	year = {1991}
}



@book{Chappell1996,
	address = {Berlin},
	editor = {Chappell, Hilary and William McGregor},
	publisher = {Mouton de Gruyter},
	title = {The grammar of inalienability: a typological perspective on body part terms and the part-whole relation},
	year = {1996}
}



@misc{Cheng1997,
	author = {Cheng, Lisa},
	title = {On the typology of Wh-questions. Garland Press.},
	year = {1997}
}



@book{Chomsky1981,
	address = {Cinnaminson, NJ},
	author = {Chomsky, Noam.},
	publisher = {Fortis Publications},
	title = {Lectures on government and binding},
	year = {1981}
}



@book{Chomsky1982,
	address = {Cambridge, MA},
	author = {Chomsky, Noam.},
	publisher = {MIT Press},
	title = {Some concepts and consequences of the theory of Government Binding},
	year = {1982}
}



@book{Chomsky1995,
	address = {Cambridge, MA},
	author = {Chomsky, Noam.},
	publisher = {MIT Press},
	title = {The minimalist program},
	year = {1995}
}




@book{Citko2011,
	address = {Cambridge},
	author = {Citko, Barbara.},
	publisher = {Cambridge University Press},
	title = {Symmetry in syntax: Merge, Move, and Labels},
	year = {2011}
}



@misc{Clarkson2012,
	author = {Clarkson, John},
	title = {NP coordination in Mandan. (Paper presented at 31st Annual Siouan and Caddoan Languages Conference, White Cloud, KS.)},
	year = {2012}
}



@article{Clements1985,
	author = {Clements, G. N},
	journal = {The Geometry of Phonological Features, Phonology Yearbook},
	number = {2},
	pages = {225-252},
	year = {1985}
}



@book{Cole1982,
	address = {Amsterdam},
	author = {Cole, Peter.},
	publisher = {North-Holland Publishing Co},
	title = {Imbabura Quechua, lingua descriptive studies. v. 5},
	year = {1982}
}



@article{Cole1987,
	author = {Cole, Peter},
	journal = {{Natural Language and Linguistic Theory}},
	number = {5},
	pages = {277-302},
	title = {The structure of internally headed relative clauses},
	year = {1987}
}




@book{Comrie1981,
	address = {Chicago},
	author = {Comrie, Bernard.},
	publisher = {University of Chicago Press},
	title = {Language Universals and Linguistic Typology},
	year = {1981}
}





@book{Crawford1978,
	address = {Knoxville},
	author = {Crawford, James.},
	publisher = {University of Tennessee},
	title = {{The Mobilian Trade Language}},
	year = {1978}
}



@book{Croft2003,
	address = {Cambridge},
	author = {Croft, William.},
	publisher = {Cambridge University Press},
	title = {Typology and universals, second edition. (Cambridge Textbooks in Linguistics.)},
	year = {2003}
}



@misc{Culy1990,
	author = {Culy, Christopher},
	title = {The syntax and semantics of internally headed relative clauses.  Ph.D. Diss., Stanford University.},
	year = {1990}
}



@book{Cumberland2005,
	address = {A grammar of Assiniboine},
	author = {Cumberland, Linda A.},
	publisher = {A Siouan language of the northern plains.  Ph.D. Diss., Indiana University, Bloomington},
	year = {2005}
}



@book{Cumberland2012,
	address = {Kaw City, OK},
	author = {Cumberland, Linda and Robert L. Rankin, eds.},
	publisher = {Kaw Nation},
	title = {Kaáaⁿze íe wayáje. An annotated dictionary of Kaw (Kanza) Kaw-English/English-Kaw},
	year = {2012}
}



@book{Dauenhauer1998,
	address = {Cambridge},
	author = {Dauenhauer, Nora Marks, and Richard Dauenhauer},
	publisher = {Cambridge University Press},
	title = {Technical, Emotional, and Ideological Issues in Reversing Language Shift: Examples from Southeast Alaska. In Endangered Languages: Current Issues and Future Prospects. Lenore A. Grenoble and Lindsay J. Whaley, eds. Pp. 5798},
	year = {1998}
}




@book{Debenport2015,
	address = {Santa Fe},
	author = {Debenport, Erin},
	publisher = {School for Advanced Research Press},
	title = {Fixing the Books: Secrecy, Literacy, and Perfectibility in Indigenous New Mexico},
	year = {2015}
}



@book{Deloria1932,
	address = {New York},
	author = {Deloria, Ella.},
	publisher = {Stechert},
	title = {Dakota texts. {American Ethnological Society} 14},
	year = {1932}
}




@misc{de2014,
	author = {de Reuse, Willem},
	title = {Alice Translation. Post to the Siouan List, April 11. },
	url = {http://listserv.linguistlist.org/pipermail/siouan/2014-April/009475.html, accessed June 28, 2015.},
	year = {2014a}
}



@misc{de2014,
	author = {de Reuse, Willem},
	title = {Saul and Jan's Discussion. Post to the Siouan List, April 25. },
	url = {http://listserv.linguistlist.org/pipermail/siouan/2014-April/009557.html, accessed June 28, 2015.},
	year = {2014b}
}



@book{de1994,
	address = {{IJAL} 60},
	author = {de Reuse, Willem J.},
	publisher = {199260},
	title = {Noun incorportation in Lakhota Siouan},
	year = {1994}
}



@misc{Diesing1990,
	author = {Diesing, Molly},
	title = {The syntactic roots of semantic partition. Ph.D. Diss., University of Massachusetts, Amherst, MA.},
	year = {1990}
}




@book{Diesing1992,
	address = {Cambridge, MA},
	author = {Diesing, Molly.},
	publisher = {MIT Press},
	title = {Indefinites},
	year = {1992b}
}



@misc{Di2005,
	author = {Di Sciullo, Anna Maria},
	title = {Asymmetry in Morphology. MIT Press Cambridge.},
	year = {2005}
}




@book{Dixon2010,
	address = {Oxford},
	author = {Dixon, R.M.W.},
	publisher = {OUP},
	title = {Basic Linguistic Theory. Volume 2. Grammatical Topics},
	year = {2010}
}



@book{Dorsey1880,
	address = {{American Antiquarian and Oriental Journal} 3},
	author = {Dorsey, James Owen.},
	publisher = {247},
	title = {The rabbit and the grasshopper: an Oto myth},
	year = {1880}
}



@book{Dorsey1890,
	address = {Washington},
	author = {Dorsey, James Owen.},
	publisher = {Government Printing Office},
	title = {{The ₡egiha language, the speech of the Omaha and Ponka tribes of the Siouan linguistic family of North American Indians. Contributions to North American Ethnology} 6},
	year = {1890}
}



@book{Dorsey1891,
	address = {Bureau of American Ethnology, Annual Report  11},
	author = {Dorsey, James Owen.},
	publisher = {1127},
	title =  {Omaha and Ponca letters},
	year = {1891}
}



@book{Dorsey1912,
	address = {Washington},
	author = {Dorsey, James Owen, and John Reed Swanton.},
	publisher = {Government Printing Office},
	title = {{A dictionary of the Biloxi and Ofo Languages, accompanied with 31 Biloxi texts and numerous Biloxi phrases. Bureau of American Ethnology  Bulletin} 47},
	year = {1912}
}



@book{Dorsey1912,
	address = {Washington},
	author = {Dorsey, James Owen and John R. Swanton.},
	publisher = {Government Printing Office},
	title = {A dictionary of the Biloxi and Ofo languages},
	year = {1912}
}




@misc{Drechsel1996,
	author = {Drechsel, Emanuel},
	title = {An Integrated Vocabulary of Mobilian Jargon, a Native American Pidgin of the Mississippi Valley. {Anthropological Linguistics} 38(2). 248354.},
	year = {1996}
}



@misc{Drummond1976,
	author = {Drummond, Valerie E},
	title = {Relative clauses in Sioux Valley Santee and Carry-the-Kettle Assiniboine. ms.},
	year = {1976}
}



@book{Einaudi1976,
	address = {New York and London},
	author = {Einaudi, Paula Ferris},
	publisher = {Garland Publishing, Inc},
	title = {A Grammar of Biloxi},
	year = {1976}
}



@misc{England1983,
	author = {England, Nora},
	title = {A Grammar of Mam, A Mayan Language. (Texas Linguistics Series). Univ. of Texts Press.},
	year = {1983}
}



@book{Erteschik-Shir2007,
	address = {Oxford},
	author = {Erteschik-Shir, Nomi.},
	publisher = {Oxford University Press},
	title = {{Information structure}},
	year = {2007}
}



@misc{Eschenberg2005,
	author = {Eschenberg, Ardis},
	title = {{The article system of Umoⁿhoⁿ}. SUNY Buffalo dissertation.},
	year = {2005}
}



@book{Fabricius-Hansen2008,
	address = {Amsterdam},
	author = {Fabricius-Hansen, Cathrine, and Wiebke Ramm, eds.},
	publisher = {John Benjamins},
	title = {`Subordination' versus `coordination' in sentence and text: A cross-linguistic perspective},
	year = {2008}
}



@book{Fauconnier1979,
	address = {New York},
	author = {Fauconnier, Gilles.},
	publisher = {Garland Publishing},
	title = {Theoretical implications of some global phenomena in syntax},
	year = {1979}
}



@book{Fellman1973,
	address = {The Hague},
	author = {Fellman, Jack},
	publisher = {Mouton},
	title = {The Revival of a Classical Tongue: Eliezer Ben Yehuda and the Modern Hebrew Language},
	year = {1973}
}


@book{Fiengo1994,
	address = {Cambridge, MA},
	author = {Fiengo, Robert and Robert May.},
	publisher = {MIT Press},
	title = {{Indices and identity}},
	year = {1994}
}



@book{Fishman1991,
	address = {Clevedon},
	author = {Fishman, Joshua A.},
	publisher = {Multilingual Matters},
	title = {Reversing Language Shift: Theoretical and Empirical Foundations of Assistance to Threatened Languages},
	year = {1991}
}



@book{Fortin2007,
	address = {Indonesian sluicing and verb phrase ellipsis},
	author = {Fortin, Catherine Rose.},
	publisher = {Description and explanation in a Minimalist framework. Doctoral dissertation, University of Michigan},
	year = {2007}
}



@misc{Foster1989,
	author = {Foster, Lance M},
	title = {Mankánye Washi. },
	url = {http://ioway.nativeweb.org/iowaylibrary/mankanye_ashi_1.htm, accessed June 28, 2015.},
	year = {1989}
}



@book{Foster1996,
	address = {Journal of the Iowa Archeological Society 43},
	author = {Foster, Lance M.},
	publisher = {15},
	title = {The Ioway and the Landscape of Southeast Iowa},
	year = {1996}
}



@book{Foster1999,
	address = {Madison},
	author = {Foster, Lance M.},
	publisher = {University of Wisconsin Press},
	title = {Tanji na Che: Recovering the Landscape of the Ioway. In Recovering the Prairie. Robert F. Sayre, ed. Pp. 178190},
	year = {1999}
}



@book{Foster2009,
	address = {Iowa City},
	author = {Foster, Lance M.},
	publisher = {University of Iowa Press},
	title = {The Indians of Iowa},
	year = {2009}
}



@misc{Foster2015,
	author = {Foster, Lance M. N.d.a Ioway Cultural Institute. http://ioway.nativeweb.org/, accessed June 27},
	year = {2015}
}



@misc{Foster2015,
	author = {Foster, Lance M. N.d.b Nemaha. http://nemaha.blogspot.com/, accessed June 27},
	year = {2015}
}



@misc{Foster2015,
	author = {Foster, Lance M. N.d.c The Sleeping Giant. http://hengruh.livejournal.com/, accessed June 27},
	year = {2015}
}



@book{Furbee1996,
	address = {Southwest Journal of Linguistics 15},
	author = {Furbee, N. Louanna, and Lori A. Stanley},
	publisher = {4562},
	title = {Language Attrition and Language Planning in Accommodation Perspective},
	year = {1996}
}



@book{Furbee2002,
	address = {International Journal of the Sociology of Language 154},
	author = {Furbee, N. Louanna, and Lori A. Stanley},
	publisher = {113128},
	title = {A Collaborative Model for Creating Heritage Language Curators},
	year = {2002}
}



@misc{Gallego2009,
	author = {Gallego, Ángel J},
	title = {Ellipsis by phase. Paper presented at XIX Colloquium on Generative Grammar.},
	year = {2009}
}



@book{Galvan2011,
	address = {Sulphur},
	author = {Galvan, Glenda.},
	publisher = {Chickasaw Press},
	title = {{Chickasaw stories vol. 1: Shared spirit}},
	year = {2011}
}



@book{García1760,
	address = {Queretaro},
	author = {García, Bartolomé},
	publisher = {no publisher cited},
	title = {Manual para administrar los santos sacramentos de penitencia, eucharistia, extrema-uncion, y matrimonio: dar gracias despues de comulgar, y ayudar a bien morir a los indios},
	year = {1760}
}



@book{Gatschet1932,
	address = {Washington},
	author = {Gatschet, Albert  and  John Swanton.},
	publisher = {Government Printing Office},
	title = {{A dictionary of the Atakapa language, accompanied by text material}},
	year = {1932}
}


@book{Goffman1974,
	address = {New York},
	author = {Goffman, Erving.},
	publisher = {Harper Colophon},
	title = {{Frame analysis: An essay on the organization of experience}},
	year = {1974}
}



@book{Goldberg2005,
	address = {Verb-stranding VP ellipsis},
	author = {Goldberg, Lotus Madelyn.},
	publisher = {A cross-linguistic study. Doctoral dissertation, McGill University},
	year = {2005}
}



@misc{Goodtracks1992,
	author = {Goodtracks, Jimm},
	title = {Ioway-Otoe-Missouria-English Dictionary.  Unpublished m.s. available through the Center for the Study of Plains Languages, Boulder, CO;  also online at },
	url = {http://iowayotoelang.nativeweb.org/},
	year = {1992}
}



@book{Goodtracks1985,
	address = {Perkins, OK},
	author = {Goodtracks, Jimm G.},
	publisher = {Jimm G. Goodtracks},
	title = {Banyi Baxoje-Jiwere Nut?achi: An Indian New Year Calendar Featuring Iowa-Otoe Missouria People, May 1985-April 1986},
	year = {1985}
}



@book{Goodtracks1992,
	address = {Boulder},
	author = {Goodtracks, Jimm G.},
	publisher = {Program for the Study of Indigenous Languages, Department of Linguistics, University of Colorado},
	title = {Baxoje-Jiwere-Nyut'ajiMa'unke Iowa-Otoe-Missouria Language to English},
	year = {1992}
}



@book{Goodtracks2004,
	address = {Lawrence, KS},
	author = {Goodtracks, Jimm G.},
	publisher = {Baxoje \textasciitilde Jiwere Ich\^{ }e Ioway \textasciitilde Otoe Language Project},
	title = {Text for Baxoje \textasciitilde Jiwere \textasciitilde Ich\^{ }e Ioway \textasciitilde Otoe Language CD I},
	year = {2004a}
}



@misc{GoodTracks2004,
	author = {GoodTracks, Jimm G},
	title = {{Baxoje  Jiwere Ich\^{}e, Ioway Otoe Language CD II} with accompanying text.},
	year = {2004}
}



@book{Goodtracks2004,
	address = {Lawrence, KS},
	author = {Goodtracks, Jimm G.},
	publisher = {Baxoje \textasciitilde Jiwere Ich\^{ }e Ioway \textasciitilde Otoe Language Project},
	title = {Text for Baxoje \textasciitilde Jiwere \textasciitilde Ich\^{ }e Ioway \textasciitilde Otoe Language CD II},
	year = {2004b}
}



@book{Goodtracks2008,
	address = {Lawrence, KS},
	author = {Goodtracks, Jimm G.},
	note = {http://iowayotoelang.nativeweb.org/pdf/m_btoe_feb2008.pdf, accessed June 28, 2015.},
	publisher = {Ioway, Otoe-Missouria Language Project. },
	title = {Mihxóge. In BJM Ich\^{ }e Wawagaxe: IOM Dictionary},
	year = {2008}
}



@misc{Goodtracks2014,
	author = {Goodtracks, Jimm G},
	title = {-April/009473.html, accessed June 18, 2015.},
	year = {2014}
}



@misc{Goodtracks2014,
	author = {Goodtracks, Jimm G},
	title = {Here Is a Little Curious Inquiry for All of Us to Ponder. Post to the Siouan List, April 11. },
	url = {http://listserv.linguistlist.org/pipermail/siouan/},
	year = {2014}
}



@misc{Goodtracks2015,
	author = {Goodtracks, Jimm G. N.d. Welcome to the Ioway, Otoe-Missouria Language Website. Ioway, Otoe-Missouria Language Project. http://iowayotoelang.nativeweb.org/goals.htm, accessed June 27},
	year = {2015}
}



@misc{Gorbet1976,
	author = {Gorbet, Larry},
	title = {A grammar of Diegue\~no nominals. Garland Publishing, New York.},
	year = {1976}
}





@book{Gordon2008,
	address = {Antitopic and afterthought},
	author = {Gordon, Bryan James.},
	publisher = {Givenness in the grammar in Ponca and Omaha. {Proceedings of the Mid-America Linguistics Conference 2007}},
	year = {2008}
}



@misc{Gordon2014,
	author = {Gordon, Bryan James},
	title = {Here Is a Little Curious Inquiry for All of Us to Ponder. Post to the Siouan List, April 11. },
	url = {http://listserv.linguistlist.org/pipermail/siouan/2014-April/009468.html, accessed June 28, 2015.},
	year = {2014}
}



@misc{Gordon2012,
	author = {Gordon, Zachary and S. Karin Torres},
	title = {Reanalysis of the Mandan verbal suffix complex through the complementizer phrase. Paper presented at the annual meeting of the Society for the Study of Indigenous Languages of the Americas/The Linguistic Society of America. Portland, OR.},
	year = {2012}
}



@book{Gracyzk1991,
	address = {dissertation,	University of Chicago},
	author = {Gracyzk, Randolph.},
	publisher = {Chicago, IL},
	title = {Incorporation and Cliticization in Crow Morpho-syntax, Ph.D},
	year = {1991}
}





@book{Graczyk2007,
	address = {Lincoln},
	author = {Graczyk, Randolph.},
	publisher = {University of Nebraska Press},
	title = {A grammar of Crow},
	year = {2007}
}



@misc{Graczyk1991,
	author = {Graczyk, Randolph Jan},
	title = {Incorporation and Cliticization in Crow Morphosyntax. PhD dissertation, University of Chicago.},
	year = {1991}
}



@book{Greer2008,
	address = {Lawrence, Kansas},
	author = {Greer, Jill D.},
	publisher = {University of Kansas},
	title = {The Otoe-Missouria Flag Song, Proceedings of the Mid-America Linguistics Conference, ed. by Jie Zhang},
	year = {2008}
}



@misc{Gumperz1982,
	author = {Gumperz, John J},
	title = {{Discourse strategies}. Cambridge U. Press.},
	year = {1982}
}



@misc{Gundel1988,
	author = {Gundel, Jeanette K},
	title = {Universals of topic-comment structure. {Studies in Syntactic Typology} 20939.},
	year = {1988}
}




@book{Gundel2010,
	address = {{Journal of Pragmatics} 42},
	author = {Gundel, Jeanette K., Mamadou Bassène, Bryan James Gordon, Amel Khalfaoui  and  Linda Humnick.},
	publisher = {177085},
	title = {Testing predictions of the givenness hierarchy framework: A cross-linguistic investigation},
	year = {2010}
}



@book{Gundel1993,
	address = {{Language} 69},
	author = {Gundel, Jeanette K., Nancy Hedberg  and  Ron Zacharski.},
	publisher = {274307},
	title = {Cognitive status and the form of referring expressions in discourse},
	year = {1993}
}





@book{Haas1969,
	address = {The Hague},
	author = {Haas, Mary.},
	publisher = {Mouton},
	title = {{The prehistory of languages}},
	year = {1969}
}



@misc{Haas1968,
	author = {Haas, Mary  and  Morris Swadesh},
	title = {The Last Words of Biloxi. {International Journal of American Linguistics} 34. 7784.},
	year = {1968}
}




@book{Haldeman1860,
	address = {Philadelphia},
	author = {Haldeman, S. S.,},
	publisher = {J B Lippincott},
	title = {Analytic Orthography},
	year = {1860}
}



@book{Haldeman1872,
	address = {London},
	author = {Haldeman, S. S.},
	publisher = {Trübner},
	title = {Pennsylvania Dutch, a dialect of South German with an infusion of English},
	year = {1872}
}





@book{Hamilton1848,
	address = {Presbyterian Mission Press},
	author = {Hamilton, Rev. William and Samuel Irvin.},
	publisher = {Highland, KS},
	title = {An Ioway Grammar},
	year = {1848}
}



@book{Hankamer1976,
	address = {{Linguistic Inquiry} 7},
	author = {Hankamer, Jorge and Ivan Sag.},
	publisher = {391426},
	title = {Deep and surface anaphora},
	year = {1976}
}



@article{Harris2009,
	author = {Harris, John},
	journal = {In Strength Relations in Phonology, Kuniya Nasukawa and Phillip Backley eds},
	note = {. Berlin: Mouton de Gruyter.},
	number = {.},
	pages = {10-45},
	title = {Why final obstruent devoicing is weakening},
	year = {2009}
}



@book{Harshav1999,
	address = {Stanford},
	author = {Harshav, Benjamin},
	publisher = {Stanford University Press},
	title = {Language in Time of Revolution},
	year = {1999}
}



@misc{Hartmann2012,
	author = {Hartmann, Iren},
	title = {Hoocąk Lexique Pro database.},
	year = {2012}
}



@book{Hartmann2010,
	address = {Albany},
	author = {Hartmann, Iren, and Christian Marschke, eds.},
	publisher = {State University of New York Press},
	title = {Hocąk Teaching Materials, Volume 2: Texts with Analysis and Translation and an Audio-CD of Original Hocąk Texts},
	year = {2010}
}




@misc{Heim1982,
	author = {Heim, Irene},
	title = {The semantics of definite and indefinite noun phrases. Ph.D. Diss., University of Massachusetts, Amherst, MA.},
	year = {1982}
}



@book{Heine1997,
	address = {Cambridge},
	author = {Heine, Bernd},
	publisher = {Cambridge University Press},
	title = {: Possession. Cognitive sources, forces and grammaticalization},
	year = {1997}
}


@book{Helmbrecht2010,
	address = {Albany},
	editor = {Helmbrecht and Lehmann},
	publisher = {SUNY Press},
	title = {Hocąk Teaching Materials, Vol I. Elements of Grammar, Learner's Dictionary},
	year = {2010}
}



@article{Helmbrecht2002,
	author = {Helmbrecht, Johannes},
	journal = {{International Journal of American Linguistics}},
	number = {68},
	pages = {1-27},
	title = {Nouns and verbs in Hocank (Winnebago)},
	volume = {1},
	year = {2002}
}



@book{Helmbrecht2003,
	address = {(Available as a pdf file},
	author = {Helmbrecht, Johannes},
	note = {//www.db-thueringen.de/servlets/DerivateServlet/Derivate-1887/ASSidUE08.pdf).},
	publisher = {http:},
	title = {"Possession in Hoocąk (Winnabago) – Problems for a prototype approach." In: Arbeitspapiere des Seminars für Sprachwissenschaft der Universität Erfurt (ASSidUE) Nr. 8. Erfurt: University of Erfurt},
	year = {2003}
}



@misc{Helmbrecht2004,
	author = {Helmbrecht, Johannes},
	title = {Coordination in Hocąk (Winnebago). (Paper presented at Sprachwissenschaftliches Doktorandenkolloquium, University of Erfurt.)},
	year = {2004}
}



@book{Helmbrecht2006,
	address = {Applicatives in Siouan languages},
	author = {Helmbrecht, Johannes.},
	publisher = {A study in comparative Siouan grammar. (Paper presented at Siouan and Caddoan Languages Conference, Billings, Montana.)},
	year = {2006}
}



@book{Helmbrecht2006,
	address = {Bern},
	author = {Helmbrecht, Johannes.},
	publisher = {Peter Lang International Academic Publishers},
	title = {Are there adjectives in Hocąk (Winnebago)? Lexical categories and root classes in Amerindian languages ed. by Ximena Lois and Valentina Vapnarsky, 289?316},
	year = {2006}
}



@book{Helmbrecht2010,
	address = {Hocąk Teaching Materials Volume 1},
	author = {Helmbrecht, Johannes and Christian Lehmann. eds.},
	publisher = {Elements of Grammar/Learner's Dictionary,  SUNY Press, Albany, NY},
	year = {2010}
}





@book{Higginbotham1985,
	address = {Linguistic Inquiry 16},
	author = {Higginbotham, James.},
	publisher = {547?94},
	title = {On semantics},
	year = {1985}
}



@book{Hinton2008,
	address = {Bingley},
	author = {Hinton, Leanne},
	publisher = {Emerald},
	title = {Sleeping Languages: Can They Be Awakened? In The Green Book of Language Revitalization in Practice. 3rd edition. Leanne Hinton and Ken Hale, eds. Pp. 413418},
	year = {2008}
}



@book{Hinton2013,
	address = {Berkeley},
	author = {Hinton, Leanne  ed.},
	publisher = {Heyday},
	title = {Bringing Our Languages Home: Language Revitalization for Families},
	year = {2013}
}





@book{Holmberg2001,
	address = {{Studia Linguistica} 55},
	author = {Holmberg, Anders.},
	publisher = {140174},
	title = {The syntax of yes and no in Finnish},
	year = {2001}
}



@misc{Hopkins1988,
	author = {Hopkins, Jill D},
	title = {Deixis in Chiwere. Unpublished M.A. thesis, University of Missouri-Columbia, Columbia, MO.},
	year = {1988}
}





@misc{Hopkins1989,
	author = {Hopkins, Jill D. and Louanna Furbee n.d. Discourse Markers in Chiwere. Presented at},
	title = {Mid-America Linguistics Conference, OSU, Stillwater, OK.},
	year = {1989}
}



@misc{Hopkins1991,
	author = {Hopkins, Jill D. and Louanna Furbee  n.d. The Chiwere Siouan Verb-Word, Presented at CAIL  Session, Annual Meeting of the Am. Anthropological Association, Nov},
	title = {Chicago, IL.},
	year = {1991}
}





@book{Hubbeling2015,
	address = {URL},
	author = {Hubbeling, Gail, LaVena Cook, et. al.},
	note = {//www.nativeshop.org/learn-dakota.html.  Ihanktowan (Yankton) Sioux Reservation, South Dakota.},
	publisher = {https:},
	title = {Dakoteyah Wogdaka!},
	year = {2015}
}



@article{Ingham2001,
	author = {Ingham, Bruce},
	journal = {{International Journal of American Linguistics}},
	number = {67},
	pages = {167-192},
	title = {Nominal and verbal status in Lakhota: A lexicographical study},
	volume = {2},
	year = {2001}
}



@book{Ingham2003,
	address = {München},
	author = {Ingham, Bruce},
	number = {426},
	publisher = {LINCOM EUROPA},
	series = {Languages of the World/ Materials},
	title = {Lakota.},
	year = {2003}
}





@misc{Jackendoff1977,
	author = {Jackendoff, Ray},
	title = {Constraints of phrase structure rules. In Formal Syntax  eds., T. Wasow and A. Akmajian, Academic Press, New York.},
	year = {1977}
}



@book{Jackendoff1977,
	address = {Cambridge, MA},
	author = {Jackendoff, Ray.},
	publisher = {MIT Press},
	title = {X-bar syntax},
	year = {1977}
}





@book{Johannessen1998,
	address = {Oxford},
	author = {Johannessen, Janne Bondi.},
	publisher = {Oxford University Press},
	title = {Coordination},
	year = {1998}
}



@book{Johnson2013,
	address = {Verb phrase ellipsis and v},
	author = {Johnson, Meredith.},
	publisher = {Evidence from Hocąk. Paper read at the 87th Annual Linguistic Society of America, Boston, Massachusetts},
	year = {2013}
}





@book{Johnson2014,
	address = {Rightward Movement and Postverbal Constituents},
	author = {Johnson, Meredith and Bryan Rosen.},
	publisher = {New Evidence from Hocąk. Paper presented at the 50th meeting of the Chicago Linguistics Society, University of Chicago},
	year = {2014}
}



@misc{Johnson2013,
	author = {Johnson, Meredith, Bryan Rosen and Mateja Schuck},
	title = {Evidence for a VP Constituent in Hocąk. Presented at the Society for the Study of the Indigenous Languages of America (SSILA), Boston, Massachusetts, January 4, 2013.},
	year = {2013a}
}



@misc{Johnson2013,
	author = {Johnson, Meredith, Bryan Rosen and Mateja Schuck},
	title = {How configurational is Hocąk? Paper presented at the 33rd Siouan and Caddoan Languages Conference.},
	year = {2013}
}



@book{Jones1909,
	address = {Cambridge},
	author = {Jones, D.},
	publisher = {Cambridge University Press},
	title = {The Pronunciation of English},
	year = {1909}
}



@book{Jones2004,
	address = {Wicazo Sa Review 19(1)},
	author = {Jones, Matthew L.},
	publisher = {3546},
	title = {Wahtohtana héda \~Ny\'ut\^{ }achi Mahín Xánje Akípa: The Year the Otoe and Missouria Meet the Americans},
	year = {2004}
}



@book{Kan2001,
	address = {Lincoln},
	author = {Kan, Sergei, ed.},
	publisher = {University of Nebraska Press},
	title = {Strangers to Relatives: The Adoption and Naming of Anthropologists in Native North America},
	year = {2001}
}



@book{Kanza2004,
	address = {Kaw City, OK},
	author = {Kanza Language Project},
	publisher = {Kaw Nation},
	title = {Wajíphaⁿyiⁿ: A Kanza Language Game},
	year = {2004}
}



@book{Kanza2010,
	address = {Kaw City, OK},
	author = {Kanza Language Project},
	publisher = {Kaw Nation},
	title = {Kaáⁿze Wéyaje - Kanza Reader: Learning Literacy through Historical Texts},
	year = {2010}
}




@misc{Kaufman2011,
	author = {Kaufman, David},
	title = {Biloxi realis and irrealis particles. {Kansas Working Papers in Linguistics} 32. 17.},
	year = {2011}
}



@misc{Kaufman2013,
	author = {Kaufman, David},
	title = {Positional auxiliaries in Biloxi. {International Journal of American Linguistics} 79(2). 283299.},
	year = {2013}
}



@book{Kaufman2014,
	address = {Lawrence},
	author = {Kaufman, David.},
	publisher = {University of Kansas. (Doctoral dissertation.)},
	title = {{The Lower Mississippi Valley as a Language Area}},
	year = {2014}
}



@book{Kaufman2008,
	address = {{Kansas Working Papers in Linguistics} 30},
	author = {Kaufman, David V.},
	publisher = {1508},
	title = {Focality and topicality marking in Biloxi},
	year = {2008}
}



@misc{Kaufman2002,
	author = {Kaufman, Terrence  and  John Justeson},
	title = {{A preliminary Mayan etymological dictionary}. (},
	url = {http://www.famsi.org/reports/01051/index.html)},
	year = {2002}
}



@book{Kayne1994,
	address = {Cambridge},
	author = {Kayne, Richard.},
	publisher = {MIT Press},
	title = {The antisymmetry of syntax},
	year = {1994}
}



@book{Kayne1994,
	address = {Cambridge, Massachusetts},
	author = {Kayne, Richard S.},
	publisher = {MIT Press},
	title = {{The antisymmetry of syntax}},
	year = {1994}
}



@book{Kelly1989,
	address = {Doing phonology},
	author = {Kelly, J. and J. Local.},
	publisher = {observing, recording, interpreting.  Manchester University Press},
	year = {1989}
}



@book{Kelly1992,
	address = {Grand Rapids, MI},
	author = {Kelly, P. H.},
	publisher = {William B. Eerdmans Publishing Company},
	title = {Biblical Hebrew: An introductory grammar},
	year = {1992}
}



@book{Kennard1936,
	address = {{IJAL} 9},
	author = {Kennard, E. A.},
	publisher = {143},
	title = {Mandan grammar},
	year = {1936}
}




@misc{Kent2004,
	author = {Kent, Reuben},
	title = {Bidanwe. Compact disc.},
	year = {2004}
}





@book{King2008,
	address = {Bingley},
	author = {King, Jeanette},
	publisher = {Emerald},
	title = {Te K\=ohanga Reo: M\=aori Language Revitalization. In The Green Book of Language Revitalization in Practice. 3rd edition. Leanne Hinton and Ken Hale, eds. Pp. 119128},
	year = {2008}
}





@misc{Koontz2003,
	author = {Koontz, John},
	title = {FAQ. },
	url = {http://spot.colorado.edu/\textasciitilde koontz/faq.htm, accessed June 28, 2015.},
	year = {2003a}
}



@misc{Koontz2003,
	author = {Koontz, John},
	title = {Names. },
	url = {http://spot.colorado.edu/\textasciitilde koontz/faq/names.htm, accessed June 28, 2015.},
	year = {2003b}
}



@misc{Koontz1984,
	author = {Koontz, John E},
	title = {Preliminary Sketch of the Omaha-Ponka Language. PhD diss., University of Colorado in Boulder, CO.},
	year = {1984}
}





@misc{Koontz1995,
	author = {Koontz, John E},
	title = {Michigamea as a Siouan language. (Paper presented at the 15th Siouan and Caddoan Languages Conference, Albuquerque.)},
	year = {1995}
}



@misc{Koontz2003,
	author = {Koontz, John E},
	title = {A focus marker in Omaha-Ponca (Dhegiha Siouan). Siouan and Caddoan Languages Conference.},
	year = {2003}
}



@book{Kroskrity1998,
	address = {New York},
	author = {Kroskrity, Paul V.},
	publisher = {Oxford University Press},
	title = {Arizona Tewa Kiva Speech as a Manifestation of a Dominant Language Ideology. In Language Ideologies: Practice and Theory. Bambi B. Schieffelin, Kathryn A. Woolard, and Paul V. Kroskrity, eds. Pp. 103122},
	year = {1998}
}



@book{Kroskrity2009,
	address = {Tucson},
	author = {Kroskrity, Paul V. and Margaret C. Field, eds.},
	publisher = {University of Arizona Press},
	title = {Native American Language Ideologies: Beliefs, Practices, and Struggles in Indian Country},
	year = {2009}
}





@article{Larson2014,
	author = {Larson, Bradley},
	journal = {Journal of Slavic Linguistics},
	number = {22.1},
	pages = {11-50},
	title = {Russian comitatives and the ambiguity of adjunction},
	year = {2014}
}




@book{Larson2009,
	address = {Lincoln, NE},
	author = {Larson, Rory.},
	publisher = {Siouan and Caddoan Languages Conference},
	title = {Pronunciation and prosody in Omaha},
	year = {2009}
}



@misc{Larson2004,
	author = {Larson, Rory n.d.  Loan Words. Paper presented at the Siouan and Caddoan Languages Conference, June},
	title = {Kaw Nation Tribal Center, Kaw City, OK.},
	year = {2004}
}





@book{Lefebvre1988,
	address = {Dordrecht},
	author = {Lefebvre, Claire and Pieter Muysken.},
	publisher = {Kluwer},
	title = {Mixed categories: Nominalization in Quechua},
	year = {1988}
}



@book{Lehmann1998,
	address = {Unterschleissheim},
	author = {Lehmann, Christian},
	publisher = {LINCOM Europa (LINCOM Studies in Native American Linguistics, 4)},
	title = {: Possession in Yucatec Maya. Structures - functions - typology},
	year = {1998}
}



@book{Leonard2011,
	address = {American Indian Culture and Research Journal 35(2)},
	author = {Leonard, Wesley Y.},
	publisher = {135160},
	title = {Challenging ``Extinction'' through Modern Miami Language Practices},
	year = {2011}
}



@misc{Lepsius1863,
	author = {Lepsius, K. R},
	title = {Standard Alphabet for Reducing Unwritten Languages and Foreign Graphic Systems to a Uniform Orthography in European Letters, 2nd edition, London/Berlin.},
	year = {1863}
}





@book{Levin1995,
	address = {Cambridge, MA},
	author = {Levin, Beth, and Malka Rappaport Hovav.},
	publisher = {MIT Press},
	title = {Unaccusativity: At the syntax-lexical semantics interface},
	year = {1995}
}



@book{Levin1964,
	address = {Berlin},
	author = {Levin, Norman Balfour.},
	publisher = {Mouton},
	title = {The Assiniboine language},
	year = {1964}
}



@book{Lewis2013,
	address = {Dallas},
	author = {Lewis, M. Paul, Gary F. Simons, and Charles D. Fennig. eds.},
	note = {//www.ethnologue.com/language/iow, accessed June 28, 2015.},
	publisher = {SIL International. http:},
	title = {``Iowa-Oto.'' In Ethnologue: Languages of the World. 17th edition},
	year = {2013}
}



@book{Lipkind1945,
	address = {New York},
	author = {Lipkind, William.},
	publisher = {King's Crown Press},
	title = {Winnebago grammar},
	year = {1945}
}




@book{Lobeck1995,
	address = {Oxford},
	author = {Lobeck, Anne.},
	publisher = {Oxford University Press},
	title = {{Ellipsis: Functional heads, licensing and identification}},
	year = {1995}
}



@book{Lowie1939,
	address = {(Prehistory research series 1:6) Indianapolis},
	author = {Lowie, Robert.},
	publisher = {Indiana Historical Society},
	title = {Hidatsa texts (with grammatical notes and phonograph transcriptions by Zellig Harris and C. F. Voegelin)},
	year = {1939}
}



@article{Lowie1941,
	author = {Lowie, Robert H},
	journal = {University of California Publications in American Archeology and Ethnology, Vol 39, No},
	note = {. Los Angeles and Berkeley: University of California Press.},
	number = {.1},
	pages = {1-142},
	title = {The Crow Language. Grammatical Sketch and Analyzed Text},
	year = {1941}
}



@book{Makepeace2011,
	address = {Lakeville, CT},
	author = {Makepeace, Anne},
	publisher = {Makepeace Productions},
	title = {We Still Live Here},
	year = {2011}
}



@misc{Marsh1936,
	author = {Marsh, Gordon H},
	title = {Manuscript collection. Philadelphia, American Philosophical Society.},
	year = {1936}
}



@book{Masica1976,
	address = {Chicago},
	author = {Masica, Colin.},
	publisher = {University of Chicago Press},
	title = {{Defining a linguistic area: South Asia}},
	year = {1976}
}



@book{Matthews1965,
	address = {The Hague},
	author = {Matthews, G.H.},
	publisher = {Mouton},
	title = {Hidatsa Syntax},
	year = {1965}
}



@book{Matthews1965,
	address = {The Hague},
	author = {Matthews, G. Hubert.},
	publisher = {Mouton},
	title = {Hidatsa syntax},
	year = {1965}
}




@book{McBride2009,
	address = {Kaw City, OK},
	author = {McBride, J. T.,  and  Cumberland, L. A.},
	publisher = {Kaw Nation},
	title = {Compiled Kanza texts},
	year = {2009}
}



@book{McBride2010,
	address = {Kaw City, OK},
	author = {McBride, J. T.,  and  Cumberland, L. A.},
	publisher = {Kaw Nation},
	title = {Kaáⁿze weyáje - Kanza reader: Learning literacy through historical texts},
	year = {2010}
}



@book{McBride2010,
	address = {Kaw City, OK},
	author = {McBride, Justin T., and Linda A. Cumberland.},
	publisher = {Kaw Nation},
	title = {Kaáⁿze weyáje - Kanza reader: Learning literacy through historical texts},
	year = {2010}
}



@article{McNally1993,
	author = {McNally, Louise},
	journal = {Natural Language and Linguistic Theory},
	number = {11.2},
	pages = {347-79},
	title = {Comitative coordination: A case study in group formation},
	year = {1993}
}



@book{Meek2010,
	address = {Tucson},
	author = {Meek, Barbra A.},
	publisher = {University of Arizona Press},
	title = {We Are Our Language: An Ethnography of Language Revitalization in a Northern Athabaskan Community},
	year = {2010}
}



@book{Merchant2001,
	address = {Oxford},
	author = {Merchant, Jason},
	publisher = {Oxford University Press},
	title = {The syntax of silence: {S}luicing, islands and the theory of ellipsis},
	year = {2001}
}



@book{Meyer1925,
	address = {Washington, D.C.},
	author = {Meyer, William.},
	publisher = {Bureau of American Ethnology},
	title = {{Indian trails of the Southeast}},
	year = {1925}
}



@misc{Mielke2008,
	author = {Mielke, Jeff},
	title = {The emergence of distinctive features. Oxford.},
	year = {2008}
}



@misc{Mirzayan2011,
	author = {Mirzayan, Armik},
	title = {{Lakota intonation and prosody}. U. Colorado dissertation.},
	year = {2011}
}





@book{Mithun1999,
	address = {Cambridge},
	author = {Mithun, Marianne.},
	publisher = {Cambridge University Press},
	title = {The Languages of Native North America. (Cambridge Language Surveys)},
	year = {1999}
}



@book{Mixco1997,
	address = {München, Newcastle},
	author = {Mixco, Mauricio},
	number = {159},
	publisher = {LINCOM EUROPA},
	series = {Languages of the World/ Materials},
	title = {Mandan.},
	year = {1997}
}



@book{Mixco1997,
	address = {{Anthropological Linguistics} 39},
	author = {Mixco, Mauricio J.},
	publisher = {22098},
	title = {Mandan switch-reference: a preliminary view},
	year = {1997}
}



@book{Moore1988,
	address = {International Journal of American Linguistics 54(4)},
	author = {Moore, Robert E.},
	publisher = {453468},
	title = {Lexicalization Versus Lexical Loss in Wasco-Wishram Language Obsolescence},
	year = {1988}
}



@book{Muehlmann2008,
	address = {American Ethnologist 35(1)},
	author = {Muehlmann, Shaylih},
	publisher = {3448},
	title = {``Spread Your Ass Cheeks'': And Other Things That Should Not Be Said in Indigenous Languages},
	year = {2008}
}




@misc{Munn1993,
	author = {Munn, Alan},
	title = {Topics in the syntax and semantics of coordinate structures. College Park, University of Maryland. (Doctoral dissertation)},
	year = {1993}
}




@book{Nevins2013,
	address = {Chichester, West Sussex},
	author = {Nevins, M. Eleanor},
	publisher = {Wiley-Blackwell},
	title = {Lessons from Fort Apache: Beyond Language Endangerment and Maintenance},
	year = {2013}
}



@book{Oliverio1996,
	address = {Lawrence},
	author = {Oliverio, Giulia.},
	publisher = {University of Kansas. (Doctoral dissertation)},
	title = {{A grammar and dictionary of Tutelo}},
	year = {1996}
}



@misc{omahalanguage.unl.edu/dictionary/2014,
	author = {omahalanguage.unl.edu/dictionary/  Accessed 28 October},
	year = {2014}
}



@book{Otoe1977,
	address = {Park Hill},
	author = {Otoe and Iowa Language Speakers with Lila Wistrand-Robinson},
	publisher = {Christian Children's Fund American Indian Project},
	title = {Jiwele-Baxoje Wan'shige Ukenye Ich'e Otoe-Iowa Indian Language Book I: Alphabet, Conversational Phrases, and Drills},
	year = {1977}
}



@book{Otoe1978,
	address = {Park Hill},
	author = {Otoe and Iowa Language Speakers with Lila Wistrand-Robinson},
	publisher = {Christian Children's Fund American Indian Project},
	title = {Jiwele-Baxoje Wan'shik'okenye Ich'e Otoe-Iowa Indian Language Book II: Simple, Compound and Complex Sentences; Songs and Stories for Practice},
	year = {1978}
}



@book{Otoe-Missouria2014,
	address = {Red Rock, OK},
	author = {Otoe-Missouria Language Department},
	publisher = {Otoe-Missouria Language Department},
	title = {Jiwere-Nut'achi Banyi Koge Nuwe Agr\k{i} Grebrą Agr\k{i} Thatą: 2015 Otoe-Missouria Calendar},
	year = {2014}
}



@article{Parks1992,
	author = {Parks, Douglas R. and Raymond J. DeMallie},
	journal = {{Anthropological Linguistics}},
	number = {34},
	pages = {233-255},
	title = {Sioux, Assiniboine, and Stoney Dialects: A Classification},
	volume = {1},
	year = {1992}
}



@book{Parks2001,
	address = {Washington, DC},
	author = {Parks, Douglas R., and Robert L. Rankin},
	publisher = {Smithsonian Institution},
	title = {Siouan Languages. In Handbook of North American Indians, vol. 13: Plains. Raymond J. DeMallie, ed. Pp. 94114},
	year = {2001}
}



@book{Parks1978,
	address = {Bismarck, ND},
	editor = {Parks, Douglas R., A. Wesley Jones  and  Robert C. Hollow},
	publisher = {Mary College},
	title = {{Earth lodge tales from the upper Missouri}},
	year = {1978}
}



@book{Parks2012,
	address = {American Indian Studies Research Institute},
	author = {Parks, Douglas R., Raymond J. DeMallie, and Linda A. Cumberland.},
	publisher = {Indiana University},
	title = {Stories told by George Shields, Sr. In Assiniboine Narratives from Fort Belknap, Montana.  Preliminary Edition},
	year = {2012}
}



@misc{Patterson1990,
	author = {Patterson, Trudi},
	title = {Theoretical aspects of Dakota morphology and phonology. PhD dissertation, Univ. of Illinois.},
	year = {1990}
}



@book{Payne1999,
	address = {Amsterdam and Philadelphia},
	editor = {Payne, Doris L. and Immanuel Barshi},
	publisher = {J. Benjamins (Typological Studies in Language, 39)},
	title = {External possession},
	year = {1999}
}



@book{Perley2011,
	address = {Lincoln},
	author = {Perley, Bernard C.},
	publisher = {University of Nebraska Press},
	title = {Defying Maliseet Language Death: Emergent Vitalities of Language, Culture, and Identity in Eastern Canada},
	year = {2011}
}



@misc{Pierrehumbert1980,
	author = {Pierrehumbert, Janet B},
	title = {{The phonology and phonetics of English intonation}. MIT dissertation.},
	year = {1980}
}




@book{Pilling1887,
	address = {Washington},
	author = {Pilling, James Constantine.},
	publisher = {Government Printing Office},
	title = {Bibliography of the Siouan languages.  Bureau of American Ethnology Bulletin 5},
	year = {1887}
}




@book{Quintero2009,
	address = {Norman, OK},
	author = {Quintero, C.},
	publisher = {University of Oklahoma Press},
	title = {Osage dictionary},
	year = {2009}
}



@book{Quintero2004,
	address = {Lincoln,NE},
	author = {Quintero, Carolyn},
	publisher = {University of Nebraska Press},
	title = {Osage Grammar. (Studies in the Anthropology of North American Indians)},
	year = {2004}
}



@misc{Ramey2015,
	author = {Ramey, Brett N.d. Hóragewi. http://www.horagewi.com/, accessed June 27},
	year = {2015}
}





@article{Rankin2004,
	author = {Rankin, R. L},
	journal = {Sprachtypologie und Universalienforschung},
	number = {57},
	pages = {202-227},
	title = {The History and development of Siouan positionals},
	year = {2004}
}




@misc{Rankin1995,
	author = {Rankin, R. L. (July},
	title = {On Quapaw (and Siouan) ablaut. Unpublished paper presented at Siouan and Caddoan Languages Conference, Albuquerque, NM.},
	year = {1995}
}



@misc{Rankin2002,
	author = {Rankin, Robert},
	title = {{An Ofo grammar sketch and John R. Swanton’s Ofo-English Dictionary}. (Unpublished ms.)},
	year = {2002}
}




@misc{Rankin2011,
	author = {Rankin, Robert},
	title = {Who were the Tomahitans? (Paper presented at the Siouan and Caddoan Languages Conference, White Cloud, Kansas.)},
	year = {2011}
}



@incollection{Rankin1989,
	address = {Tokyo},
	author = {Rankin, Robert L},
	booktitle = {The Sanseido encyclopaedia of linguistics (Vol 2): Languages of the world, pt. 2 (pp.},
	editor = {T. Kamei, R. Kono, and E. Chino},
	pages = {301-307},
	publisher = {Sanseido Press},
	title = {Kansa (A. Yamamoto, Trans.)},
	year = {1989}
}





@misc{Rankin2001,
	author = {Rankin, Robert L},
	title = {On Dakotan pre-boundary and cluster phonology. Paper presented at the Siouan and Caddoan Languages Conference, University of Chicago, June, 2001.},
	year = {2001}
}



@misc{Rankin2002,
	author = {Rankin, Robert L},
	title = {Quapaw Dictionary. Unpubl. ms. University of Kansas.},
	year = {2002}
}



@misc{Rankin2004,
	author = {Rankin, Robert L},
	title = {An Ofo Grammar Sketch – based on materials collected by John R. Swanton and John R. Swanton's Ofo-English Dictionary. Unpubl. manuscript, University of Kansas.},
	year = {2004}
}



@misc{Rankin2005,
	author = {Rankin, Robert L},
	title = {Kansa-English lexical file. Manuscript. The University of Kansas, Department of Linguistics.},
	year = {2005a}
}



@misc{Rankin2006,
	author = {Rankin, Robert L., Richard T. Carter, A. Wesley Jones, and other contributors},
	title = {Comparative Siouan Dictionary.  Unpublished textbase, shared as a .pdf file.},
	year = {2006}
}




@book{Rice1989,
	address = {Berlin},
	author = {Rice, Keren},
	publisher = {Mouton de Gruyter},
	title = {A grammar of Slave},
	year = {1989}
}



@book{Rice1993,
	address = {A reexamination of the feature [sonorant]: The status of `sonorant obstruents.' Language 69},
	author = {Rice, Keren.},
	publisher = {308344},
	year = {1993}
}



@misc{Rice2013,
	author = {Rice, Keren},
	title = {Sonorant obstruents revisited. Handout for International Conference on Phonetics and Phonology 2013. National Institute for Japanese Language and Linguistics, 25 January 2013.},
	year = {2013}
}



@book{Rice1991,
	address = {A learning path for phonology},
	author = {Rice, Keren and Peter Avery.},
	publisher = {a theory of segmental elaboration. Paper presented at the Boston University Conference on Child Language Acquisition. October 1991 (cited in Rice 1993)},
	year = {1991}
}



@book{Riggs1852,
	address = {New York},
	author = {Riggs, M.A.},
	publisher = {C. Greathead},
	title = {An English and Dakota vocabulary},
	year = {1852}
}



@book{Riggs1851,
	address = {Washington},
	author = {Riggs, Rev. S. R.},
	publisher = {Smithsonian Institution},
	title = {Grammar and dictionary of the Dakota language.  Smithsonian contributions to knowledge vol. IV},
	year = {1851}
}




@article{Roberts1991,
	author = {Roberts, I},
	journal = {Linguistic Inquiry},
	number = {22},
	pages = {209-218},
	title = {Excorporation and minimality},
	volume = {1},
	year = {1991}
}



@misc{Robinson1972,
	author = {Robinson, Lila W},
	title = {An Iowa/Otoe-English Dictionary. Unpublished ms. University of Kansas, Lawrence, KS.},
	year = {1972}
}


@book{Rood1975,
	address = {New York},
	author = {Rood, David S.},
	publisher = {Garland},
	title = {Wichita Grammar},
	year = {1975}
}



@misc{Rood1977,
	author = {Rood, David S},
	title = {Some Lakhota presuppositions. {Colorado Research in Linguistics} 7.},
	year = {1977}
}



@book{Rood1985,
	address = {{Kansas Working Papers in Linguistics} 10},
	author = {Rood, David S.},
	publisher = {14483},
	title = {Definiteness subcategorized in discourse: Lakhota kˀų},
	year = {1985}
}



@book{Rood1996,
	address = {Washington},
	author = {Rood, David S.},
	publisher = {Smithsonian Institution},
	title = {Sketch of Wichita, a Caddoan Language. In Handbook of North American Indians, vol 17: Languages, edited by Ives Goddard, 580?608},
	year = {1996}
}



@misc{Rosen2014,
	author = {Rosen, Bryan},
	title = {On the existence of adjectives in Hocąk. Paper read at the 88th Annual Linguistic Society of America, Minneapolis, Minnesota.},
	year = {2014}
}



@misc{Rosen2015,
	author = {Rosen, Bryan},
	title = {The syntax of adjectives in Hocąk. Doctoral dissertation, University of Wisconsin - Madison.},
	year = {2015}
}



@misc{Ross1967,
	author = {Ross, John R},
	title = {Constraints on variables in syntax. Bloomington, Indiana University Linguistics Club.},
	year = {1967}
}




@book{Rouveret2012,
	address = {{Natural Language and Linguistic Theory} 30},
	author = {Rouveret, Alain.},
	publisher = {897963},
	title = {VP ellipsis, phases and the syntax of morphology},
	year = {2012}
}



@book{Rudin1998,
	address = {Bloomington, IN},
	author = {Rudin, Catherine.},
	publisher = {Siouan and Caddoan Languages Conference},
	title = {Postverbal constituents in Omaha-Ponca},
	year = {1998}
}



@misc{Rudin2003,
	author = {Rudin, Catherine},
	title = {Phrasal conjunction in Omaha-Ponca. (Paper presented at Society for the Study of Indigenous Languages of the Amerias annual meeting, Atlanta, Georgia.)},
	year = {2003}
}



@book{Rundle2007,
	address = {Moline, IL},
	author = {Rundle, Kelly, and Tammy Rundle},
	publisher = {Fourth Wall Films},
	title = {Lost Nation: The Ioway 1},
	year = {2007}
}


@book{Sag1976,
	address = {{Linguistic Inquiry} 7},
	author = {Sag, Ivan A.},
	publisher = {664671},
	title = {A note on verb phrase deletion},
	year = {1976}
}



@book{Samuels2006,
	address = {Language in Society 35(4)},
	author = {Samuels, David W.},
	publisher = {529557},
	title = {Bible Translation and Medicine Man Talk: Missionaries, Indexicality, and the ``Language Expert'' on the San Carlos Apache Reservation},
	year = {2006}
}



@article{Schweitzer2001,
	author = {Schweitzer, Marjorie},
	journal = {Smithsonian Institution:  Washington, D.C},
	number = {.},
	pages = {447-461},
	title = {Otoe and Missouria. In Handbook of North American Indians vol. 13(1) Plains,  Raymond J. de Mallie, ed},
	year = {2001}
}



@book{Shaw1980,
	address = {New York},
	author = {Shaw, Patricia A.},
	publisher = {Garland},
	title = {{Theoretical issues in Dakota phonology and morphology}},
	year = {1980}
}



@book{Shaw1980,
	address = {New York},
	author = {Shaw, Patricia A.},
	publisher = {Garland},
	title = {Theoretical Issues in Dakota phonology and morphology},
	year = {1980}
}



@article{Sigetvári2008,
	author = {Sigetvári, Péter},
	journal = {What and where? In Lenition and Fortition, Joaquim Brand\~{a}o de Carvalho, Tobias Scheer and Philippe Ségéral, eds},
	note = {. Berlin: Mouton de Gruyter.},
	number = {.},
	pages = {93-129},
	year = {2008}
}



@misc{Song2005,
	author = {Song, Hongkyu},
	title = {Causatives and resultatives in Korean. Doctoral dissertation, University of Wisconsin - Madison.},
	year = {2005}
}



@article{Stassen2000,
	author = {Stassen, Leon},
	journal = {Linguistic typology},
	number = {4.1},
	pages = {1-54},
	title = {AND-languages and WITH-languages},
	year = {2000}
}




@book{Susman1943,
	address = {dissertation, Columbia University},
	author = {Susman, Amelia.},
	publisher = {New York, NY},
	title = {The Accentual System of Winnebago. Unpublished Ph.D},
	year = {1943}
}



@book{Swadesh1939,
	address = {Philadelphia},
	author = {Swadesh, Morris.},
	publisher = {American Philosophical Society},
	title = {{Chitimacha grammar, texts, and vocabulary}. In Franz Boas Collection of Materials for American Linguistics (Mss. 497.3.B63c.G6.5)},
	year = {1939}
}




@misc{Tadmor2010,
	author = {Tadmor, Uri  and  Martin Haspelmath  and  Bradley Taylor},
	title = {Borrowability and the Notion of Basic Vocabulary. {Diachronica} 27(2). 226246.},
	year = {2010}
}


@misc{Taylor1976,
	author = {Taylor, Allan},
	title = {Words for buffalo. {International Journal of American Linguistics} 42. 165166.},
	year = {1976}
}



@book{Thomason2001,
	address = {Washington},
	author = {Thomason, Sarah.},
	publisher = {Georgetown University Press},
	title = {{Language contact: An introduction}},
	year = {2001}
}



@book{Trechter1995,
	address = {Lawrence},
	author = {Trechter, Sara.},
	publisher = {University of Kansas. (Doctoral dissertation.)},
	title = {{The Pragmatic Functions of Gendered Clitics in Lakhota}},
	year = {1995}
}





@book{Ullrich2012,
	address = {Bloomington, Indiana},
	author = {Ullrich, Jan.},
	publisher = {Lakota Language Consortium},
	title = {New Lakota Dictionary: Second Edition},
	year = {2012}
}



@misc{Ullrich2014,
	author = {Ullrich, Jan},
	title = {Citation/Quotation Conventions for List? Post to Siouan List, April 25. },
	url = {http://listserv.linguistlist.org/pipermail/siouan/},
	year = {2014a}
}



@misc{Ullrich2014,
	author = {Ullrich, Jan},
	title = {-April/009556.html, accessed June 28, 2015.},
	year = {2014}
}



@misc{Ullrich2014,
	author = {Ullrich, Jan},
	title = {Saul and Jan's Discussion. Post to Siouan List, April 25. },
	url = {http://listserv.linguistlist.org/pipermail/siouan/2014-April/009559.html, accessed June 28, 2015.},
	year = {2014b}
}



@book{Ullrich2016,
	address = {Bloomington},
	author = {Ullrich, Jan.},
	publisher = {Lakota Language Consortium},
	title = {(forthcoming). Lakota language handbook: A pedagogical grammar for self-study and practice},
	year = {2016}
}




@misc{van2004,
	author = {van Craenenbroeck, Jeroen},
	title = {{Ellipsis in Dutch dialects}. Doctoral dissertation, Leiden University.},
	year = {2004}
}



@book{Van1987,
	address = {London},
	author = {Van Oirsouw, Robert R.},
	publisher = {Croom Helm},
	title = {The syntax of coordination},
	year = {1987}
}



@misc{Van1977,
	author = {Van Valin, Robert D. Jr},
	title = {Aspects of Lakhota Syntax. A study of Lakhota (Teton Dakota) syntax and its implications for universal grammar. Unpubl. PhD Dissertation, University of California, Berkeley.},
	year = {1977}
}


Van Valin, Robert D., Jr. 1987. The role of government in the grammar of head-marking languages. International Journal of American Linguistics 53:371-397.



@book{Van1997,
	address = {Syntax},
	author = {Van Valin, Robert D., Jr. and Randy J. LaPolla.},
	publisher = {Structure, meaning and function. Cambridge, Cambridge University Press},
	year = {1997}
}



@book{Veselinova2003,
	address = {Stockholm},
	author = {Veselinova, Ljuba.},
	publisher = {Stockholms universitet. (Doctoral dissertation.)},
	title = {Suppletion in verb paradigms: Bits and pieces of a puzzle},
	year = {2003}
}



@book{Wälchli2005,
	address = {Oxford},
	author = {Wälchli, Bernhard.},
	publisher = {Oxford University Press},
	title = {Co-compounds and natural coordination},
	year = {2005}
}



@misc{Wallace1993,
	author = {Wallace, Karen K},
	title = {{Verb incorporation and agreement in Crow}. UCLA dissertation.},
	year = {1993}
}




@book{Warner2008,
	address = {Bingley},
	author = {Warner, Sam L. No`eau},
	publisher = {Emerald},
	title = {The Movement to Revitalize Hawaiian Language and Culture. In The Green Book of Language Revitalization in Practice. 3rd edition. Leanne Hinton and Ken Hale, eds. Pp. 133144},
	year = {2008}
}


@article{Watanabe2004,
	author = {Watanabe, Akira},
	journal = {{Language and Linguistics}},
	number = {5},
	pages = {59-97},
	title = {Parametrization of quantificational determiners and head-internal relatives},
	year = {2004}
}



@book{Watkins1976,
	address = {Position in grammar},
	author = {Watkins, Laurel.},
	publisher = {Sit, stand, lie. In {Kansas Working Papers in Linguistics} 1. 1641},
	year = {1976}
}



@book{Weber1983,
	address = {103, Berkeley, CA},
	author = {Weber, David.},
	publisher = {University of California Press},
	title = {Relativization and nominalized clauses in Huallaga (Huanuco) Quechua.  University of California Publications in Linguistics, v},
	year = {1983}
}




@article{Wedel2001,
	author = {Wedel, Mildred W},
	journal = {Smithsonian Institution:  Washington, D.C},
	number = {.},
	pages = {236-246},
	title = {Iowa, IN Handbook of North American Indians vol. 13(1) Plains,  Raymond J. de Mallie, ed},
	year = {2001}
}



@book{Wesche1995,
	address = {Tübingen},
	author = {Wesche, Birgit.},
	publisher = {Max Niemyer Verlag},
	title = {Symmetric coordination: An alternative theory of phrase structure},
	year = {1995}
}



@book{West2003,
	address = {Victoria},
	author = {West, Shannon.},
	publisher = {University of Victoria (Canada). (Masters thesis.)},
	title = {Subjects and objects in Assiniboine Nakoda},
	year = {2003}
}



@book{West2003,
	address = {Victoria},
	author = {West, Shannon.},
	publisher = {University of Victoria. (Doctoral dissertation.)},
	title = {{Subjects and objects in Assiniboine Nakoda}},
	year = {2003}
}



@misc{West2003,
	author = {West, Shannon Louise},
	title = {Subjects and objects in Assiniboine Nakoda. MA thesis, University of Victoria.},
	year = {2003}
}



@book{White1988,
	address = {Cambridge, MASS.},
	author = {White Eagle, Josephine P.},
	publisher = {Center for Cognitive Science, MIT},
	title = {A lexical study of Winnebago. Lexicon Project Working Papers 26},
	year = {1988}
}



@book{Whiteley2003,
	address = {American Anthropologist 105(4)},
	author = {Whiteley, Peter},
	publisher = {712722},
	title = {Do ``Language Rights'' Serve Indigenous Interests? Some Hopi and Other Queries},
	year = {2003}
}



@misc{Whitman1936,
	author = {Whitman, William},
	title = {The Oto.  Columbia University, New York.},
	year = {1936}
}




@misc{Williamson1984,
	author = {Williamson, Janis Shirley},
	title = {Studies in Lakhota grammar. Doctoral dissertation, University of California, San Diego.},
	year = {1984}
}



@book{Wilson2008,
	address = {Bingley},
	author = {Wilson, William H., and Kauanoe Kaman\=a},
	publisher = {Emerald},
	title = {``Mai Loko Mai O Ka `I`ini: Proceeding from a Dream?: The `Aha P\=unana Leo Connection in Hawaiian Language Revitalization. In The Green Book of Language Revitalization in Practice. 3rd edition. Leanne Hinton and Ken Hale, eds. Pp. 147176},
	year = {2008}
}



@book{Winford2003,
	address = {Malden},
	author = {Winford, Donald.},
	publisher = {Blackwell Publishing},
	title = {{An introduction to contact linguistics}},
	year = {2003}
}



@misc{Wolfenbarger1996,
	author = {Wolfenbarger, Deon},
	title = {White Cloud Historic District. National Register of Historic Places Registration Form. National Park Service, United States Department of the Interior. },
	url = {http://pdfhost.focus.nps.gov/docs/NRHP/Text/96000701.pdf, accessed June 28, 2015.},
	year = {1996}
}



@misc{Wolvengrey1990,
	author = {Wolvengrey, A},
	title = {A marker of focus in Mandan discourse. Mid America Linguistics Conference.},
	year = {1990}
}



@article{Woolard1998,
	author = {Woolard, Kathryn},
	journal = {{Journal of Linguistic Anthropology}},
	number = {8},
	pages = {3-29},
	title = {Simultaneity and bivalency as strategies in bilingualism},
	volume = {1},
	year = {1998}
}


@misc{Yellow1980,
	author = {Yellow Brow  and  Short Bull},
	title = {Alítchiasshiituualak Baháa Awúuasshiituualak. Bilingual Materials Development Center, Crow Agency, MT.},
	year = {1980}
}



@misc{Yoshida2008,
	author = {Yoshida, Masaya and \'{A}ngel J. Gallego},
	title = {Phases and ellipsis. Paper presented at the 27th West Coast Conference on Formal Linguistics.},
	year = {2008}
}




@book{Zenes2009,
	address = {Chicago},
	author = {Zenes, Bozena.},
	publisher = {Northeastern Illinois University},
	title = {ms. Coordination of noun phrases in Biloxi},
	year = {2009}
}