Barker, Chris 1995. Possessive descriptions. Stanford: CSLI Publications.
Basilico, David. 1996. Head position and internally headed relative clauses. Language 72(3):498-532.
Basso, Keith  H. 1990  Semantic Aspects of Acculturation. In Western Apache Language and Culture: Essays in Linguistic Anthropology.  University of Arizona Press:  Tucson, AZ.  Pp. 15-24.
Bhatt, Rajesh, and Roumyana Pancheva. 2004. Late merger of degree clauses. Linguistic Inquiry 35:1-45.
Boersma, Paul, & David Weenink (1992) Praat: Doing phonetics by computer [software available at http://www.praat.org].
Botma, Bert. 2011. Sonorants. In Mark van Oostendorp, Colin Ewen, Elizabeth Hume, and Keren Rice (editors). The Blackwell Companion to Phonology 171-193. WileyBlackwell.
Boyle, John P. 2005. The semantics of Hidatsa NP coordination. In Adam Makkai, William J. Sullivan, and Arle R. Lommel (eds.), LACUS Forum 31: Interconnections. Houston TX, LACUS. 105-111.
Brass, Andrew, Kenneth Hale, Ellavina Perkins, and Margaret Speas. 1989. Aspects of logical form in Navajo. In Studies in Athabaskan syntax, eds., E. Cook and K. Rice, 317-34. Berlin: Mouton de Gruyter.
Broadwell, George A. 1985. Internally headed relative clauses in Choctaw. In Kansas Working Papers in Linguistics 6:16-24.
Broadwell, George A. 1987. A$'$-anaphora and relative clauses. In North East Linguistics Society 16:47-56.
Carrier, Jill, and Janet Randall. 1992. The argument structure and syntactic structure of resultatives. Linguistic Inquiry 23:173-234.
Chomsky, Noam. 1998. Minimalist Inquiries. In MIT Working Papers in Linguistics, Cambridge. Also in Martin, Roger, Michaels, David and Uriagereka, Juan (eds.), Step by Step: Essays on Minimalist Syntax in Honor of Howard Lasnik, 89-155. MIT Press, Cambridge.
Chomsky, Noam. 2000. Minimalist inquiries: The framework. In Roger Martin, David Michaels and Juan Uriagereka (eds.), {Step by step. Essays on Minimalist syntax in honor of Howard Lasnik}, 89155. Cambridge, MA: MIT Press.
Chomsky, Noam. 2001. Beyond explanatory adequacy. In MIT Occasional Papers in Linguistics, Cambridge. Also in Belletti, Adriana (ed.), Structures and Beyond: The Cartography of Syntactic Structures, Volume 2, 104-131. Oxford University Press, Oxford.
Chomsky, Noam. 2001. Derivation by phase. In Michael Kenstowicz (ed.), {Ken Hale: A life in language}, 151. Cambridge, MA: MIT Press.
Chomsky, Noam. 2004. Beyond explanatory adequacy. In Adriana Belletti (ed.), {Structures and beyond. The cartography of syntactic structures}, 104131. Oxford: Oxford University Press.
Citko, Barbara. 2001. Deletion under identity in relative clauses. In North East Linguistics Society 31:1-15. eds. M. Kim and U. Straus. GLSA: University of Massachusetts, Amherst.
Cole, Peter and Gabriella Hermon. 1994. Is there LF wh-movement? In Linguistic Inquiry 25:239-62.
Cole, Peter, Wayne Harbert, and Gabriella Hermon. 1982. Headless relative clauses in Quechua. In International Journal of American Linguistics 48(2):113-24.
Corver, Norbert. 1997. The internal syntax of the Dutch extended adjectival projection. Natural Language and Linguistic Theory 15:289-368.
Davidson, Jill D. 1997 Prayer-Songs to Our Elder Brother: Native American Church Songs of the Otoe-Missouria and Ioway. Ph.D. dissertation, Department of Anthropology, University of Missouri-Columbia.
Davidson, Jill D. 1999.  Reflections on Fieldwork, Practicing Anthropology, Reversing Language Shift In Indigenous America: Collaborations And Views From The Field, 20(2) (1999), 28-33.
de Reuse, Willem. 1994.  Noun Incorporation in Lakota (Siouan),  IJAL 60:199-260.
Diesing, Molly. 1992a. Bare plural subjects and the derivation of logical representations. In Linguistic Inquiry 23:353-80.
Dixon, R.M.W. 1979. Ergativity. In: Language 55:59-138.
Dixon, R.M.W. 2004. Adjective classes in typological perspective. Adjective classes: A cross-linguistic typology, ed. by R.M.W Dixon and Alexandra Y. Aikhenvald, 1-49. Oxford: Oxford University Press.
Dorsey, James Owen. 1892.  Siouan Onomatopes. American Anthropologist 5(1): 1-8.
Dorsey, James Owen. ms; no date. A grammar and dictionary of the Ponka language. 4800 Dorsey Papers. Washington: Smithsonian Institution.
Dorsey, James Owen. ms; no date. Slip file for a dictionary of Omaha-Ponca. Online at http://omahalanguage.unl.edu/images.php
Dorsey, James Owen. n.d.  Unpublished notes and slipfiles, Anthropological Archives, Smithsonian Institution, Washington, D.C.
Fielder, Grace E. 2008. Bulgarian adversative connectives: Conjunctions or discourse markers? In Ritva Laury (ed.), Crosslinguistic Studies of Clause Combining. Amsterdam: John Benjamins. 79-98.
Gengel, Kirsten. 2007. Phases and ellipsis. In Emily Elfner and Martin Walkow (eds.), {Proceedings of NELS 37}, 233246. Amherst: GLSA.
Goddard, Ives.  1996.  Introduction, in Handbook of North American Indians, Vol. 17 Languages, William C. Sturtevant, general editor, I. Goddard volume editor.  Smithsonian Institution, Washington, D.C.  Pp.1-16.
Gordon, Bryan J. 2009. ``Artifiers'' in Mississippi Valley Siouan: A novel determiner class. (Paper presented at the annual meeting of the Linguistic Society of America, San Francisco, 8-11 January 2009.)
Graczyk, Randolph. 1991. Relative clauses in Crow. In: The Proceedings of the 1990 Mid-America Linguistics Conference and Conference of Siouan-Caddoan Languages. (ed) Frances Ingemann. The University of Kansas, Lawrence. 490-504.
Greer, Jill D. 2016. Baxoje-Jiwere grammar sketch. In Catherine Rudin and Bryan Gordon (eds.), Advances in the study of Siouan languages and linguistics. Berlin: Language Science Press. ???-???.
Gundel, Jeanette K. (2003) Information structure and referential givenness/newness: How much belongs in the grammar? In Stefan Müller (Ed.) {Proceedings, HPSG03}, East Lansing, MI. CSLI Publications (electronic version).
Haas, Mary. 1946. A Grammatical Sketch of Tunica. In Harry Hoijer, Leonard Bloomfield, and Mary Haas (eds.), {Linguistic structures of Native America}, 337366. New York: Johnson Reprint Corporation.
Haldeman, S. S. 1859. Analytic Orthography; an investigation of the sounds of the voice, and their alphabetic notation.  Transactions of the American Philosophical Society XI: 259-401.
Hale, Ken and Paul Platero. 1974. Aspects of Navajo anaphora: relativization and pronominalization.  In Diné Bizaad Náníl$\mu$ i$\mu$ ih (The Navajo Language Review) 1:9-28.
Hale, Kenneth. 1983. Warlpiri and the grammar of nonconfigurational languages. Natural Language and Linguistic Theory 1:5-49.
Hale, Kenneth and Josie White Eagle. 1980.  A Preliminary Metrical Account of Winnebago Accent, IJAL 46:17-34.
Hallman, Peter. 2004. Constituency and Agency in VP. In Vineeta Chand, Ann Kelleher, Angelo J. Rodr?guez, and Benjamin Schmeiser (eds.), {Proceedings of the 23rd West Coast Conference on Formal Linguistics}, 304?317. Somerville, MA: Cascadilla Press.
Haspelmath, Martin. 2007. "Coordination." In: Shopen, Timothy (ed.), Language typology and syntactic description, vol. II: Complex constructions. 2nd ed. Cambridge: Cambridge University Press, 1-51.
Heath, Jeffrey. 1998. Pragmatic Skewing in 1 < >2 Pronominal Combinations in Native American Languages. IJAL 64(2):83-104.
Heine, Bernd: 2001. Ways of explaining possession, in: Iréne Baron, Michael Herslund and Finn Sørensen (eds.) Dimensions of possession, 311-328. Amsterdam, Benjamins
Helmbrecht, Johannes.  2011. The Accentual System of Hocąk.  In Jan Wohlgemuth and Michael Cysouw (eds.), {Rara and Rarissima}, 117-143. Berlin: De Gruyter Mouton.
Helmbrecht, Johannes.  Phonetics and Phonology.  Ms, privately shared with this writer.
Hoeksema, Jack. 1989. Review of ?The representation of (in)definiteness, In Language, 65(1):115-25.
Honeybone, Patrick. 2008. Lenition, weakening and consonantal strength: tracing concepts through the history of phonology. In Lenition and Fortition, Joaquim Brand\~{a}o de Carvalho, Tobias Scheer and Philippe Ségéral, eds,. 9-92. Berlin: Mouton de Gruyter.
Hopkins, Jill D. 1990. Spatial Deixis in Chiwere, Kansas Working Papers in Linguistics, 15(2): 60-72.
Hopkins, Jill D. n.d.  Fieldnotes and transcriptions from 1988-2012, Missouri Chiwere Language Project, University of Missouri-Columbia (archived at Luther College, Decorah, IA).
Iverson, Gregory K. and Joseph C. Salmons. 2007 (as cited in Harris 2009). Domains and directionality in the evolution of German final fortition. Phonology 24:121-145.
Jelinek, Eloise. 1984. Empty categories, case and configurationality. Natural Language and Linguistic Theory 2:39-76.
Jelinek, Eloise. 1987. Headless relatives and pronominal arguments: A typological survey. In Native American languages and pronominal arguments, eds., P. Kroeber and R. E. Moore, 136-48. Bloomington: Indiana University Linguistics Club.
Johnson, Meredith. 2014. Rightward Movement and Antecedent-Contained Deletion: New Evidence from Hocąk. Proceedings of the 31st West Coast Conference on Formal Linguistics, ed. by Robert E. Santana-LaBarge, 258-265.
Kasak, Ryan. 2016. A Distant Genetic Relationship Between Siouan-Catawban and Yuchi. In Rudin, Catherine and Bryan Gordon (eds.), {Advances in the study of Siouan languages and linguistics}. Berlin: Language Science Press. 5-39.
Kennard, Edward 1936. "Mandan Grammar." In: International Journal of American Linguistics IJAL 9:1-43.
Kennedy, Chris, and Louise McNally. 2010. Color, context and compositionality. Synthese 174:79-98.
Kent, Reuben N.d. Turtle Island Storyteller Reubin Kent: These Native Ways. Wisdom of the Elders. http://wisdomoftheelders.org/turtle-island-storyteller-reubin-kent/, accessed June 4, 2015.
Kimball, Geoffrey. 2005. Natchez. In Heather Hardy & Janine Scancarelli (eds.), {Native languages of the Southeastern United States}, 385453. Lincoln: University of Nebraska Press.
Koontz, John. 1985. A Syncopating Conjugation *k- stem in Lakota.  IJAL 51(4): 483-484.
Koontz, John E. 1991. Central Siouan syncopating stems. Ms. revision of `Central Siouan syncopating *V-stems' in Frances Ingemann, ed., 1990 MidAmerican Linguistics Conference Papers, pp 518-533. Lawrence, Ks.: University of Kansas Department of Linguistics.
Kornfilt, Jaklin 1990. Turkish and the Turkic Languages. In: Comrie, Bernard (ed.) The World's Major Languages. NY, Oxford: OUP, 619-645.
Kratzer, Angelika. 1989. Stage level and individual level predicates.  In Papers on Quantification, eds. Emmon Bach, Angelika Kratzer, and Barbara Partee, 225-64. NSF Report. University of Massachusetts, Amherst, MA.
Kuno, Susumo and E. Kaburaki 1977. Empathy and Syntax. In: Linguistic Inquiry 8:627-72.
Langacker, Ronald W. 1993. Reference-point constructions. In: Cognitive Linguistics 4: 1-38.
Larson, Richard K. 1988. On the double object construction. Linguistic Inquiry 19:335-391.
Leonard, Wesley Y. 2007 Miami Language Reclamation in the Home: A Case Study. Ph.D. dissertation, Department of Linguistics, University of California, Berkeley.
Lesley, J. P. 1881.   Memoir of Samuel Stedman [sic] Haldeman.  Proceedings of the National Academy of Sciences 139-172.
Li, Yafei. 1993. Structural head and aspectuality. Language 69:480-504.
Li, Yafei. 1999. Cross-componential causativity. Natural Language & Linguistic Theory 17:445-497.
Lévy-Bruhl, L. 1914. L’expression de la possession dans les langues mélanésiennes. Mémoires de la Société de Linguistique 19(2): 96-104.
Marsh, Gordon  n.d.  Materials for a Study of the Ioway Language.  Ms, American Philosophical Society Archives, Philadelphia, PA.
Martin, Jack 1993. Inalienable possession in Creek (and its possible origin). In: IJAL 59:442-52.
Matthewson, Lisa. 2004. On the methodology of semantic fieldwork. International Journal of American Linguistics 70:369-415.
Maximilian zu Wied-Neuwied. 1839-1841.  Reise in das innere Nord-America in den Jahren 1832 bis 1834, 2 Textbände und 1 Bildband mit Illustrationen von Karl Bodmer, J. H\"olscher, Koblenz 1839-41.
Miner, Kenneth L. 1979. An unusual Natural Class in Mississippi Valley Siouan. Siouan and Caddoan linguistics 2: 8-9.
Miner, Kenneth L. 1979. Dorsey's Law in Winnebago-Chiwere and Winnebago Accent, IJAL 45(1):25-33.
Mithun, Marianne. 1988. The grammaticization of coordination, in John Haiman and Sandra A. Thompson (eds.), Clause combining in grammar and discourse. Amsterdam: John Benjamins. 331-59.
Mulder, Jean, and Sandra A. Thompson. 2008. The grammaticization of but as a final particle in English conversation. In Ritva Laury (ed.), Crosslinguistic studies of clause combining. Amsterdam: John Benjamins. 179-204.
Murasugi, Keiko. 2000. An Antisymmetry analysis of Japanese relative clauses. In Artemis Alexiadou, Paul Law, André Meinunger and Chris Wilder, eds., {The syntax of relative clauses}, 231-64. Amsterdam: John Benjamins.
Murray, Franklin 1977 Iowa Tribe of Oklahoma Language. Perkins: Iowa Tribe of Oklahoma. http://bahkhoje.com/wp-content/uploads/2014/11/Franklin-M.-Murray-An-Original-Ioway-Speaker-1896-1983-First-Ioway-Dictionary-created-by-him.pdf, accessed April 22, 2015.
Perlmutter, David. 1978. Impersonal passives and the unaccusative hypothesis. Proceedings of the 4th Berkeley Linguistics Society, pp. 157-190. University of California, Berkeley.
Pierrehumbert, Janet B., & Julia Hirschberg. 1990. The meaning of intonational contours in the interpretation of discourse. In Peter R. Cohen, Jerry Morgan & Martha E. Pollack (Eds) {Intentions in communication}, pp. 271311. MIT Press.
Polinsky, Maria. 2013. Applicative constructions. In: Dryer, Matthew S. and Haspelmath, Martin (eds.) {The world atlas of language structures online}. Leipzig: Max Planck Institute for Evolutionary Anthropology. (Available online at http://wals.info/chapter/109, Accessed on 2015-08-23.)
Rankin, R. L.  (1989). Kansa (A. Yamamoto, Trans.).  In T. Kamei, R. Kono, & E. Chino (Eds.), The Sanseido encyclopaedia of linguistics (Vol. 2): Languages of the world, pt. 2 (pp. 301-307). Tokyo: Sanseido Press.
Rankin, R. L. (2005) Quapaw. In H. B. Hardy & J. Scancarelli (Eds.). Native languages of the southeastern United States (pp. 454-498). Lincoln, NE: University of Nebraska Press.
Rankin, Robert. 2005. Quapaw. In Native Languages of the Southeastern United States,  Hardy, Heather K. and Janine Scancarelli (eds.) Lincoln: University Press. 454-498.
Rankin, Robert L. 1977. From verb, to auxiliary, to noun classifier and definite article: Grammaticalization of the Siouan verbs sit, stand, lie. In R. L. Brown et al., eds., {Proceedings of the 1976 MidAmerica Linguistics Conference}, 273-83. Minneapolis: University of Minnesota.
Rankin, Robert L. 1978. The Unmarking of Quapaw Phonology: A Study of Language Death. Kansas Working Papers in Linguistics 3: 45-52.
Rankin, Robert L. 1982. A Quapaw Vocabulary. Kansas Working Papers in Linguistics 7: 125-52.
Rankin, Robert L. 1994.  Notes on the Kansa Word List of Maximilian, Prince of Wied.  Kansas Working Papers in Linguistics, 19 (2): 201-210.
Rankin, Robert L.; Richard T. Carter; A. Wesley Jones; John E. Koontz; David S. Rood and Iren Hartmann, eds. 2015. {Comparative Siouan Dictionary}. Leipzig: Max Planck Institute for Evolutionary Anthropology. (Available online at http://csd.clld.org, Accessed on 2015-09-25.)
Rankin, Robert L.; Richard T. Carter; A. Wesley Jones; John E. Koontz; David S. Rood and Iren Hartmann, eds. 2015. {Comparative Siouan Dictionary}. Leipzig: Max Planck Institute for Evolutionary Anthropology. (Available online at http://csd.clld.org, Accessed on 2015-09-25.)
Rankin, Robert L., Richart T. Carter, and A. Wesley Jones.  1998.  Proto Siouan Phonology and Grammar.  In Li, Xingzhong, Luis Lopez and Tom Stroik (eds.), {Proceedings of the 1997 Mid-America Linguistics Conference}.   Columbia: Linguistics Area Program of the University of Missouri-Columbia.  366-375.
Rankin, Robert, Richard T. Carter and A. Wesley Jones. 1998. Proto-Siouan Phonology and Grammar. In Papers from the 1997 Mid-America Linguistics Conference, 366-375, Xingzhong Li, Luis Lopez and Tom Stroik, eds.,. Columbia: University of Missouri-Columbia.
Reyhner, Jon 1999 Introduction: Some Basics of Language Revitalization. In Revitalizing Indigenous Languages. Jon Reyhner, Gina Cantoni, Robert N. St. Clair, and Evangeline Parsons Yazzie, eds. Pp. v-xx. Flagstaff: Northern Arizona University.
Ringen, Catherine, Jill Beckman, and Michael Jessen. 2013. Empirical evidence for laryngeal features. Aspirating vs. true voice languages. Journal of Linguistics 49:259-284.
Rizzi, Luigi. 1997. The fine structure of the left periphery. In Elements of grammar. (ed) Haegeman, Liliane. Dordrecht: Kluwer, 213-276.
Rood, David.  1979.  Siouan. In The Languages of North America, L. Campbell and M. Mithun, eds.  U. of Texas Press, Austin, TX, pp.236-298.
Rood, David and Allan R. Taylor. 1996. "Sketch of Lakhota, a Siouan Language." In: Goddard, Ives (ed.) Languages. Vol. 17 of Sturtevant, William C. (ed.) Handbook of North American Indians. Washington,DC: Smithsonian Institution, pp. 440-482.
Rood, David and Allan Taylor. 1996.  A Sketch of Lakhota, A Siouan Language. In Handbook of North American Indians vol. 17 Languages, I. Goddard, volume editor, Smithsonian Institution, Washington, D.C.  Pp. 440-482.
Rood, David S. and Allan R. Taylor. 1996. Sketch of Lakhota, a Siouan language. In Ives Goddard (ed.), Handbook of North American Indians vol 17. Smithsonian Institution.
Rood, David S. and John E. Koontz.  2002.  The Comparative Siouan Dictionary Project. In Frawley, William, Kenneth C. Hill and Pamela Monroe (eds.),  {Making dictionaries: Preserving indigenous languages of the Americas}. Berkeley: University of California Press. 259-281.
Ross, John Robert. 1969. Auxiliaries as main verbs. Studies in Philosophical Linguistics 1:77-102.
Safir, Kenneth. 1986. Relative clauses in a theory of binding and levels.  In Linguistic Inquiry 17(4): 663-89.
Scarborough, Rebecca, Georgia Zellou, Armik Mirzayan, and David S. Rood. 2015. Phonetic and phonological patterns of nasality in Lakota vowels. Journal of the International Phonetic Association 45.3:289-309.
Schwartz, Saul  n.d. Who Wrote Whitman's Grammar?  Presented at the Siouan and Caddoan Languages Conference, May 23-25, 2014, University of Wisconsin, Madison, WI.
Seiler, Hansjakob 1983: Possession as an Operational Dimension of Language. Tübingen, Narr.
Seiler, Hansjakob 2001: The operational basis of possession: a dimensional approach revisited, in: Iréne Baron, Michael Herslund and Finn
Sportiche, Dominique. 1985.  Remarks on crossover.  Linguistic Inquiry 16:460-469
Sørensen (eds.) Dimensions of possession, 27-40., Amsterdam, Benjamins
Stolz Thomas, Sonia Kettler, Cornelia Stroh and Aina Urdze 2008: Split Possession. (Studies in Language Companion Series 101). Amsterdam, Benjamins.
Swadesh, Morris. 1971. What is Glottochronology? In Joel Sherzer (ed.), {The origin and diversification of language}, 271284. Chicago: Aldine Atherton.
Taylor, Allan. 1976.  On Verbs of Motion in Siouan Languages, IJAL 42(4): 287-96.
Ullrich, Jan. 2008. New Lakota Dictionary, Lakota Language Consortium, Bloomington, IN, pp.738-760.
Ultan, Russel 1978. Toward a typology of substantival possession, in: Joseph H. Greenberg (ed.): Universals of human language 4., Stanford.
University Press.
Van Valin, Robert D., Jr. 1985. Case marking and the structure of the Lakhota clause. In Johanna Nichols and Anthony C. Woodbury (eds.), Grammar Inside and Outside the Clause: Some Approaches to Theory from the Field, 363-413. Cambridge  University Press.
Ward, Gregory, & Betty J. Birner. 2001. Discourse and information structure. In Deborah Schiffrin, Deborah Tannen & Heidi Hamilton (Eds) {Handbook of discourse analysis}, pp. 11937. Oxford: Basil Blackwell.
Washio, Ryuichi. 1997. Resultatives, compositionality and language variation. Journal of East Asian Linguistics 6:1-49.
Wechsler, Stephen. 2005. Resultatives under the ``event-argument homomorphism'' model of telicity. In The syntax of aspect, ed. by Nomi Erteschik-Shir and Tova Rapoport, 255-273. Oxford: Oxford University Press.
Whitman, William. 1947.  A Descriptive Grammar of Ioway-Oto IJAL 13(4): 233-248. See Schwartz n.d. for persuasive evidence confirming many Siouanists' hunch that Gordon Marsh is the true author of the 1947 Iowa-Otoe grammar in IJAL.
Williams, Alexander. 2008. Word order in resultatives. Proceedings of the 26th West Coast Conference on Formal Linguistics, ed. by Charles B. Chang and Hannah J. Haynie, 507-515. Somerville, MA: Cascadilla Press.
Williamson, Janis. 1987. An indefiniteness restriction for relative clauses in Lakhota. In Eric Reuland and Alice ter Meulen, eds., {The representation of (in)definiteness}, 168-190. Cambridge: MIT Press.
Woolford, Ellen. 2010. Active-stative agreement in Choctaw and Lakota. Revista Virtual de Estudos da Linguagem 8:6-46.
Zagona, Karen. 1988. Proper government of antecedentless VP in English and Spanish. {Natural Language and Linguistic Theory} 6: 95-128.